
@Misc{ ICTFigures01,
    author = "International Telecommunication Union",
    title = "{ICT Facts and Figures 2010 - 2016}",
    year = "2010-2016",
    url = "www.itu.int/en/ITU-D/Statistics/Documents/facts/ICTFactsFigures2017.pdf"
}


@Misc{ ICTFigures02,
    author = "International Telecommunication Union",
    title = "{Individuals using the Internet (\% of population)}",
    year = "2010-2016",
    url = "data.worldbank.org/indicator/IT.NET.USER.ZS?end=2016&start=1960&view=chart0"
}

@Book{ Almasi1989,
 author = "Almasi, G. S. and Gottlieb, A.",
 title = "Highly Parallel Computing",
 year = "1989",
 isbn = "0-8053-0177-1",
 publisher = "Benjamin-Cummings Publishing Co., Inc.",
 address = "Redwood City, CA, USA"
}

@article{ Ohnheiser2011,
author = {Ohnheiser, Ingeborg and Olsen, Susan},
file = {:home/cajo/Desktop/Tese/Multi-word Expressions REFERENCIAS{\_}Huening{\_}Schluecker{\_}2015{\_}ms.pdf:pdf},
number = {1969},
pages = {1--16},
title = {{25. Multi-word expressions}},
year = {2011}
}

@inproceedings{ Brill:1992:SRP:974499.974526,
 author = {Brill, Eric},
 title = {A Simple Rule-based Part of Speech Tagger},
 booktitle = {Proceedings of the Third Conference on Applied Natural Language Processing},
 series = {ANLC '92},
 year = {1992},
 location = {Trento, Italy},
 pages = {152--155},
 numpages = {4},
 url = {https://doi.org/10.3115/974499.974526},
 doi = {10.3115/974499.974526},
 acmid = {974526},
 publisher = {Association for Computational Linguistics},
 address = {Stroudsburg, PA, USA},
}

@inproceedings{Church:1988:SPP:974235.974260,
 author = {Church, Kenneth Ward},
 title = {A Stochastic Parts Program and Noun Phrase Parser for Unrestricted Text},
 booktitle = {Proceedings of the Second Conference on Applied Natural Language Processing},
 series = {ANLC '88},
 year = {1988},
 location = {Austin, Texas},
 pages = {136--143},
 numpages = {8},
 url = {https://doi.org/10.3115/974235.974260},
 doi = {10.3115/974235.974260},
 acmid = {974260},
 publisher = {Association for Computational Linguistics},
 address = {Stroudsburg, PA, USA},
} 

@InProceedings{W17-1704,
  author = 	"Savary, Agata
		and Ramisch, Carlos
		and Cordeiro, Silvio
		and Sangati, Federico
		and Vincze, Veronika
		and QasemiZadeh, Behrang
		and Candito, Marie
		and Cap, Fabienne
		and Giouli, Voula
		and Stoyanova, Ivelina
		and Doucet, Antoine",
  title = 	"The PARSEME Shared Task on Automatic Identification of Verbal Multiword Expressions",
  booktitle = 	"Proceedings of the 13th Workshop on Multiword Expressions (MWE 2017)",
  year = 	"2017",
  publisher = 	"Association for Computational Linguistics",
  pages = 	"31--47",
  location = 	"Valencia, Spain",
  url = 	"http://aclweb.org/anthology/W17-1704"
}

@InProceedings{W17-1700,
  author = 	"Markantonatou, Stella
		and Ramisch, Carlos
		and Savary, Agata
		and Vincze, Veronika",
  title = 	"Proceedings of the 13th Workshop on Multiword Expressions (MWE 2017)",
  booktitle = 	"Proceedings of the 13th Workshop on Multiword Expressions (MWE 2017)",
  year = 	"2017",
  publisher = 	"Association for Computational Linguistics",
  location = 	"Valencia, Spain",
  url = 	"http://aclweb.org/anthology/W17-1700"
}

@InProceedings{W17-1705,
  author = 	"Simk{\'o}, Katalin Ilona
		and Kov{\'a}cs, Vikt{\'o}ria
		and Vincze, Veronika",
  title = 	"USzeged: Identifying Verbal Multiword Expressions with POS Tagging and Parsing Techniques",
  booktitle = 	"Proceedings of the 13th Workshop on Multiword Expressions (MWE 2017)",
  year = 	"2017",
  publisher = 	"Association for Computational Linguistics",
  pages = 	"48--53",
  location = 	"Valencia, Spain",
  url = 	"http://aclweb.org/anthology/W17-1705"
}

@InProceedings{W17-1706,
  author = 	"Nerima, Luka
		and Foufi, Vasiliki
		and Wehrli, Eric",
  title = 	"Parsing and MWE Detection: Fips at the PARSEME Shared Task",
  booktitle = 	"Proceedings of the 13th Workshop on Multiword Expressions (MWE 2017)",
  year = 	"2017",
  publisher = 	"Association for Computational Linguistics",
  pages = 	"54--59",
  location = 	"Valencia, Spain",
  url = 	"http://aclweb.org/anthology/W17-1706"
}

@InProceedings{W17-1707,
  author = 	"Klyueva, Natalia
		and Doucet, Antoine
		and Straka, Milan",
  title = 	"Neural Networks for Multi-Word Expression Detection",
  booktitle = 	"Proceedings of the 13th Workshop on Multiword Expressions (MWE 2017)",
  year = 	"2017",
  publisher = 	"Association for Computational Linguistics",
  pages = 	"60--65",
  location = 	"Valencia, Spain",
  url = 	"http://aclweb.org/anthology/W17-1707"
}

@InProceedings{W17-1712,
  author = 	"Mandravickaite, Justina
		and Krilavi{\v{c}}ius, Tomas",
  title = 	"Identification of Multiword Expressions for Latvian and Lithuanian: Hybrid Approach",
  booktitle = 	"Proceedings of the 13th Workshop on Multiword Expressions (MWE 2017)",
  year = 	"2017",
  publisher = 	"Association for Computational Linguistics",
  pages = 	"97--101",
  location = 	"Valencia, Spain",
  url = 	"http://aclweb.org/anthology/W17-1712"
}

@InProceedings{W17-1713,
  author = 	"Cap, Fabienne",
  title = 	"Show Me Your Variance and I Tell You Who You Are - Deriving Compound Compositionality from Word Alignments",
  booktitle = 	"Proceedings of the 13th Workshop on Multiword Expressions (MWE 2017)",
  year = 	"2017",
  publisher = 	"Association for Computational Linguistics",
  pages = 	"102--107",
  location = 	"Valencia, Spain",
  url = 	"http://aclweb.org/anthology/W17-1713"
}

@InProceedings{W17-1715,
  author = 	"Maldonado, Alfredo
		and Han, Lifeng
		and Moreau, Erwan
		and Alsulaimani, Ashjan
		and Chowdhury, Koel Dutta
		and Vogel, Carl
		and Liu, Qun",
  title = 	"Detection of Verbal Multi-Word Expressions via Conditional Random Fields with Syntactic Dependency Features and Semantic Re-Ranking",
  booktitle = 	"Proceedings of the 13th Workshop on Multiword Expressions (MWE 2017)",
  year = 	"2017",
  publisher = 	"Association for Computational Linguistics",
  pages = 	"114--120",
  location = 	"Valencia, Spain",
  url = 	"http://aclweb.org/anthology/W17-1715"
}

@InProceedings{W17-1723,
  author = 	"Scholivet, Manon
		and Ramisch, Carlos",
  title = 	"Identification of Ambiguous Multiword Expressions Using Sequence Models and Lexical Resources",
  booktitle = 	"Proceedings of the 13th Workshop on Multiword Expressions (MWE 2017)",
  year = 	"2017",
  publisher = 	"Association for Computational Linguistics",
  pages = 	"167--175",
  location = 	"Valencia, Spain",
  url = 	"http://aclweb.org/anthology/W17-1723"
}

@article{ventura2012mining,
  title={Mining concepts from texts},
  author={Ventura, Joao and Silva, Joaquim},
  journal={Procedia Computer Science},
  volume={9},
  pages={27--36},
  year={2012},
  publisher={Elsevier}
}

@inproceedings{da1999local,
  title={A local maxima method and a fair dispersion normalization for extracting multi-word units from corpora},
  author={da Silva, J Ferreira and Lopes, G Pereira},
  booktitle={Sixth Meeting on Mathematics of Language},
  pages={369--381},
  year={1999}
}

@article{doi:10.1093/biomet/30.1-2.81,
author = {KENDALL, M. G.},
title = {A NEW MEASURE OF RANK CORRELATION},
journal = {Biometrika},
volume = {30},
number = {1-2},
pages = {81-93},
year = {1938},
doi = {10.1093/biomet/30.1-2.81},
URL = { + http://dx.doi.org/10.1093/biomet/30.1-2.81},
eprint = {/oup/backfile/content_public/journal/biomet/30/1-2/10.1093/biomet/30.1-2.81/2/30-1-2-81.pdf}
}

@article{spearman1904proof,
  title={The proof and measurement of association between two things},
  author={Spearman, Charles},
  journal={The American journal of psychology},
  volume={15},
  number={1},
  pages={72--101},
  year={1904},
  publisher={JSTOR}
}

@article{adler2010quantifying,
  title={Quantifying colocalization by correlation: the Pearson correlation coefficient is superior to the Mander's overlap coefficient},
  author={Adler, Jeremy and Parmryd, Ingela},
  journal={Cytometry Part A},
  volume={77},
  number={8},
  pages={733--742},
  year={2010},
  publisher={Wiley Online Library}
}

@article{koerner2017application,
  title={Application of linear mixed-effects models in human neuroscience research: a comparison with Pearson correlation in two auditory electrophysiology studies},
  author={Koerner, Tess K and Zhang, Yang},
  journal={Brain sciences},
  volume={7},
  number={3},
  pages={26},
  year={2017},
  publisher={Multidisciplinary Digital Publishing Institute}
}

@article{pearson1896mathematical,
  title={Mathematical contributions to the theory of evolution. III. Regression, heredity, and panmixia},
  author={Pearson, Karl},
  journal={Philosophical Transactions of the Royal Society of London. Series A, containing papers of a mathematical or physical character},
  volume={187},
  pages={253--318},
  year={1896},
  publisher={JSTOR}
}

@article{pearson1920notes,
  title={Notes on the history of correlation},
  author={Pearson, Karl},
  journal={Biometrika},
  volume={13},
  number={1},
  pages={25--45},
  year={1920},
  publisher={JSTOR}
}

@article{pers2015biological,
  title={Biological interpretation of genome-wide association studies using predicted gene functions},
  author={Pers, Tune H and Karjalainen, Juha M and Chan, Yingleong and Westra, Harm-Jan and Wood, Andrew R and Yang, Jian and Lui, Julian C and Vedantam, Sailaja and Gustafsson, Stefan and Esko, Tonu and others},
  journal={Nature communications},
  volume={6},
  pages={5890},
  year={2015},
  publisher={Nature Publishing Group}
}

@article{fernandez2014big,
  title={Big Data with Cloud Computing: an insight on the computing environment, MapReduce, and programming frameworks},
  author={Fern{\'a}ndez, Alberto and del R{\'\i}o, Sara and L{\'o}pez, Victoria and Bawakid, Abdullah and del Jesus, Mar{\'\i}a J and Ben{\'\i}tez, Jos{\'e} M and Herrera, Francisco},
  journal={Wiley Interdisciplinary Reviews: Data Mining and Knowledge Discovery},
  volume={4},
  number={5},
  pages={380--409},
  year={2014},
  publisher={Wiley Online Library}
}

@article{garcia2016big,
  title={Big data preprocessing: methods and prospects},
  author={Garc{\'\i}a, Salvador and Ram{\'\i}rez-Gallego, Sergio and Luengo, Juli{\'a}n and Ben{\'\i}tez, Jos{\'e} Manuel and Herrera, Francisco},
  journal={Big Data Analytics},
  volume={1},
  number={1},
  pages={9},
  year={2016},
  publisher={BioMed Central}
}

@article{lin2010data,
  title={Data-intensive text processing with MapReduce},
  author={Lin, Jimmy and Dyer, Chris},
  journal={Synthesis Lectures on Human Language Technologies},
  volume={3},
  number={1},
  pages={1--177},
  year={2010},
  publisher={Morgan \& Claypool Publishers}
}

@article{zaharia2010spark,
  title={Spark: Cluster computing with working sets.},
  author={Zaharia, Matei and Chowdhury, Mosharaf and Franklin, Michael J and Shenker, Scott and Stoica, Ion},
  journal={HotCloud},
  volume={10},
  number={10-10},
  pages={95},
  year={2010}
}

@article{mell2011nist,
  title={The NIST definition of cloud computing},
  author={Mell, Peter and Grance, Tim and others},
  year={2011},
  publisher={Computer Security Division, Information Technology Laboratory, National Institute of Standards and Technology Gaithersburg}
}

@article{dean2008mapreduce,
  title={MapReduce: simplified data processing on large clusters},
  author={Dean, Jeffrey and Ghemawat, Sanjay},
  journal={Communications of the ACM},
  volume={51},
  number={1},
  pages={107--113},
  year={2008},
  publisher={ACM}
}

@misc{apacheSparKExample,
title = {{Spark Apache}},
url = {https://spark.apache.org/examples.html},
year = {Consultado em: 2018-02}
}

@misc{word2vec,
title = {{Word2Vec}},
url = {https://code.google.com/archive/p/word2vec/},
year = {Consultado em: 2018-10}
}

@misc{hdfs,
title = {{HDFS}},
url = {https://hadoop.apache.org/docs/r1.2.1/hdfs_design.html},
year = {Consultado em: 2018-11}
}

@misc{yarn,
title = {{YARN}},
url = {https://hadoop.apache.org/docs/current/hadoop-yarn/hadoop-yarn-site/YARN.html},
year = {Consultado em: 2018-09}
}

@misc{spark_transf,
title = {{Spark Transformations}},
url = {https://spark.apache.org/docs/latest/rdd-programming-guide.html#transformations},
year = {Consultado em: 2018-10}
}

@misc{spark_action,
title = {{Spark Actions}},
url = {https://spark.apache.org/docs/latest/rdd-programming-guide.html#actions},
year = {Consultado em: 2018-10}
}